<?xml version="1.0" encoding="UTF-8"?><collection xmlns="http://www.loc.gov/MARC21/slim"><record><leader>00404nam--2200145-i-4500</leader><controlfield tag="001">000025463</controlfield><controlfield tag="002">20161230</controlfield><controlfield tag="005">20161230201035</controlfield><controlfield tag="008">060222s1000------------r-----000-0-eng-d</controlfield><datafield ind1=" " ind2=" " tag="080"><subfield code="a">002</subfield></datafield><datafield ind1=" " ind2=" " tag="100"><subfield code="a">Joumard, Raymond</subfield></datafield><datafield ind1=" " ind2=" " tag="245"><subfield code="a">Infromatique en temps reel. ordinateurs et peripheriques</subfield></datafield><datafield ind1=" " ind2=" " tag="260"><subfield code="a">Paris, Dunod Economie, 1970, Iv + 120p</subfield></datafield><datafield ind1=" " ind2=" " tag="490"><subfield code="a">Collection `La Vie De L`Entreprise`</subfield></datafield><datafield ind1=" " ind2=" " tag="852"><subfield code="a">34252</subfield></datafield></record></collection>